@PhdThesis{Cannon,
  author = 	 {Cannon L. E.},
  title = 	 {A Cellular Computer to Implement the Kalman Filter Algorithm},
  school = 	 {Montana State University},
  year = 	 {1969},
  OPTkey = 	 {},
  OPTtype = 	 {},
  address = 	 {Bozman, Montana},
  OPTmonth = 	 {},
  OPTnote = 	 {},
  OPTannote = 	 {}
}
